@article{Dollar:2012:PDE:2197081.2197275,
 author = {Dollar, Piotr and Wojek, Christian and Schiele, Bernt and Perona, Pietro},
 title = {Pedestrian Detection: An Evaluation of the State of the Art},
 journal = {IEEE Trans. Pattern Anal. Mach. Intell.},
 issue_date = {April 2012},
 volume = {34},
 number = {4},
 month = apr,
 year = {2012},
 issn = {0162-8828},
 pages = {743--761},
 numpages = {19},
 url = {http://dx.doi.org/10.1109/TPAMI.2011.155},
 doi = {10.1109/TPAMI.2011.155},
 acmid = {2197275},
 publisher = {IEEE Computer Society},
 address = {Washington, DC, USA},
 keywords = {Pedestrian detection, object detection, benchmark, evaluation, data set, Caltech Pedestrian data set.},
} 

@article{DBLP:journals/jips/JafriA09,
  author    = {Rabia Jafri and
               Hamid R. Arabnia},
  title     = {A Survey of Face Recognition Techniques},
  journal   = {JIPS},
  volume    = {5},
  number    = {2},
  year      = {2009},
  pages     = {41-68},
  ee        = {http://dx.doi.org/10.3745/JIPS.2009.5.2.041},
  bibsource = {DBLP, http://dblp.uni-trier.de}
}

@inproceedings{doi:10.5244/C.21.48,
   title = {Who are you? - real-time person identification},
   author = {Apostoloff, N. and Zisserman, A.},
   year = {2007},
   pages = {48.1-48.10},
   booktitle = {Proceedings of the British Machine Vision Conference},
   publisher = {BMVA Press},
   editors = {Rajpoot, N. M. and Bhalerao, A. H.},
   isbn = {1-901725-34-0},
   note = {doi:10.5244/C.21.48}
}

@inproceedings{conf/cvpr/SivicEZ09,
  added-at = {2009-12-31T00:00:00.000+0100},
  author = {Sivic, Josef and Everingham, Mark and Zisserman, Andrew},
  biburl = {http://www.bibsonomy.org/bibtex/212e678cc1af689966debb364eb891a24/dblp},
  booktitle = {CVPR},
  date = {2009-12-31},
  description = {dblp},
  ee = {http://doi.ieeecomputersociety.org/10.1109/CVPRW.2009.5206513},
  interhash = {7fd9742ed0371e449cbfcc1e41e822dc},
  intrahash = {12e678cc1af689966debb364eb891a24},
  isbn = {978-1-4244-3992-8},
  keywords = {dblp},
  pages = {1145-1152},
  publisher = {IEEE},
  timestamp = {2009-12-31T00:00:00.000+0100},
  title = {"Who are you?" - Learning person specific classifiers from video.},
  url = {http://dblp.uni-trier.de/db/conf/cvpr/cvpr2009.html#SivicEZ09},
  year = {2009}
}

@inproceedings{Dalal:2005:HOG:1068507.1069007,
 author = {Dalal, Navneet and Triggs, Bill},
 title = {Histograms of Oriented Gradients for Human Detection},
 booktitle = {Proceedings of the 2005 IEEE Computer Society Conference on Computer Vision and Pattern Recognition (CVPR'05) - Volume 1 - Volume 01},
 series = {CVPR '05},
 year = {2005},
 isbn = {0-7695-2372-2},
 pages = {886--893},
 numpages = {8},
 url = {http://dx.doi.org/10.1109/CVPR.2005.177},
 doi = {10.1109/CVPR.2005.177},
 acmid = {1069007},
 publisher = {IEEE Computer Society},
 address = {Washington, DC, USA},
} 

@inproceedings{FreeFoodCam05,
    Year = {2005},
    Journal = {ICML2005 Workshop on Learning with Partially Classified Training Data},
    Author = { Maria-Florina Balcan and Avrim Blum and Patrick Pakyan Choi and John Lafferty and Brian Pantano andMugizi R. Rwebangira and Xiaojin Zhu },
    Title = {Person Identification in Webcam Images: An Application of Semi-Supervised Learning}
}

@inproceedings{conf/cvpr/GargSRS11,
  added-at = {2011-08-23T00:00:00.000+0200},
  author = {Garg, Rahul and Seitz, Steven M. and Ramanan, Deva and Snavely, Noah},
  biburl = {http://www.bibsonomy.org/bibtex/29af3d0fe862248eaa0aa9b8dde2cc98a/dblp},
  booktitle = {CVPR},
  ee = {http://dx.doi.org/10.1109/CVPR.2011.5995546},
  interhash = {0585473981268526889d67c5d1a55371},
  intrahash = {9af3d0fe862248eaa0aa9b8dde2cc98a},
  keywords = {dblp},
  pages = {1793-1800},
  publisher = {IEEE},
  timestamp = {2011-08-23T00:00:00.000+0200},
  title = {Where's Waldo: Matching people in images of crowds.},
  url = {http://dblp.uni-trier.de/db/conf/cvpr/cvpr2011.html#GargSRS11},
  year = 2011
}


@InProceedings{VaqueroWACV2009,
  author    = {Daniel Vaquero and Rogerio Feris and Duan Tran and Lisa Brown and Arun Hampapur and Matthew Turk},
  title     = {Attribute-Based People Search in Surveillance Environments},
  booktitle = {IEEE Workshop on Applications of Computer Vision (WACV'09)},
  address   = {Snowbird, Utah},
  month     = {December},
  year      = {2009}
}

@inproceedings{Bourdev:2011:DPP:2355573.2356604,
 author = {Bourdev, Lubomir and Maji, Subhransu and Malik, Jitendra},
 title = {Describing people: A poselet-based approach to attribute classification},
 booktitle = {Proceedings of the 2011 International Conference on Computer Vision},
 series = {ICCV '11},
 year = {2011},
 isbn = {978-1-4577-1101-5},
 pages = {1543--1550},
 numpages = {8},
 url = {http://dx.doi.org/10.1109/ICCV.2011.6126413},
 doi = {10.1109/ICCV.2011.6126413},
 acmid = {2356604},
 publisher = {IEEE Computer Society},
 address = {Washington, DC, USA},
} 


@conference {gray2007evaluating,
	title = {Evaluating Appearance Models for Recognition, Reacquisition, and Tracking},
	booktitle = {10th IEEE International Workshop on Performance Evaluation of Tracking and Surveillance (PETS)},
	year = {2007},
	month = {09/2007},
	keywords = {VIPeR},
	author = {Gray, Douglas and Brennan, S. and Tao, H.}
}

@inproceedings{ChengBMVC11,
	title = {Custom Pictorial Structures for Re-identification},
	author = {Dong Seon Cheng and Marco Cristani and Michele Stoppa and Loris Bazzani and Vittorio Murino},
	year={2011},
	pages={68.1–68.11},
	booktitle={British Machine Vision Conference (BMVC)},
	isbn={1-901725-43-X},
	note = {http://dx.doi.org/10.5244/C.25.68},
}

@article{opencv_library,
    author = {Bradski, G.},
    citeulike-article-id = {2236121},
    journal = {Dr. Dobb's Journal of Software Tools},
    keywords = {bibtex-import},
    posted-at = {2008-01-15 19:21:54},
    priority = {4},
    title = {{The OpenCV Library}},
    year = {2000}
}

@article{CC01a,
 author = {Chang, Chih-Chung and Lin, Chih-Jen},
 title = {{LIBSVM}: A library for support vector machines},
 journal = {ACM Transactions on Intelligent Systems and Technology},
 volume = {2},
 issue = {3},
 year = {2011},
 pages = {27:1--27:27},
 note =	 {Software available at \url{http://www.csie.ntu.edu.tw/~cjlin/libsvm}}
}
